@ARTICLE{2202,
   author = {R. B. Deriso and T. J. Quinn II and P. R. Neal},
   title = {Catch-Age Analysis with Auxiliary Information},
   journal = {Can. J. Fish. Aquat. Sci.},
   year = {1985},
   volume = {42},
   number = {4},
   pages = {815--824},
   month = {},
}
@BOOK{2374,
   author = {M. Haddon},
   editor = {},
   title = {Modelling and Quantitative Methods in Fisheries, Second Edition},
   publisher = {Taylor and Francis},
   year = {2001},
   volume = {},
   number = {},
   series = {Statistics/Biology},
   address = {},
   edition = {},
   month = {},
}

@BOOK{2246,
   author = {T. J. Quinn and R. B. Deriso},
   editor = {},
   title = {Quantitative Fish Dynamics},
   publisher = {Oxford Univiversity Press},
   year = {1999},
   volume = {},
   number = {},
   series = {},
   address = {New York},
   edition = {},
   month = {},
}


@MISC{1543,
   author = {},
   title = {A lake trout rehabilitation guide for Lake Huron.},
   month = {},
   year = {1998},
   howpublished = {Report},
}
@ARTICLE{1920,
   author = {S. A. Adlerstein and E. S. Rutherford and J. A. Clevenger and J. E. Johnson and D. F. Clapp and A. P. Woldt},
   title = {Lake trout movements in U.S. water of Lake Huron interpreted from coded wire tag recoveries in recreational fisheries.},
   journal = {Journal of Great Lakes Research},
   year = {2007},
   volume = {33},
   number = {},
   pages = {186--201},
   month = {},
}
@ARTICLE{2251,
   author = {R. P. Barbiero and Barry M. Lesht and G. J. Warren},
   title = {Evidence for bottom-up control of recent shifts in the pelagic food web of Lake Huron.},
   journal = {Journal of Great Lakes Research},
   year = {2011},
   volume = {37},
   number = {1},
   pages = {78--85},
   month = {},
}
@ARTICLE{2248,
   author = {R. P. Barbiero and Mary Balcer and D. C. Rockwell and M. L. Tuchman},
   title = {Recent shifts in the crustacean zooplankton community of Lake Huron},
   journal = {Can. J. Fish. Aquat. Sci.},
   year = {2009},
   volume = {66},
   number = {5},
   pages = {816--828},
   month = {},
}
@ARTICLE{2298,
   author = {R. A. Bergstedt and R. L. Argyle and C. C. Krueger and W. W. Taylor},
   title = {Bathythermal Habitat Use by Strains of Great Lakes- and Finger Lakes-Origin Lake Trout in Lake Huron after a Change in Prey Fish Abundance and Composition},
   journal = {Transactions of the American Fisheries Society},
   year = {2012},
   volume = {141},
   number = {2},
   pages = {263--274},
   month = {},
}
@ARTICLE{1388,
   author = {R. A. Bergstedt and J. G. Seelye},
   title = {Evidence for lack of homing by sea lampreys.},
   journal = {Transactions of the American Fisheries Society},
   year = {1995},
   volume = {124},
   number = {},
   pages = {235--239},
   month = {},
}
@ARTICLE{2115,
   author = {R. A. Bergstedt and R. L. Argyle and J. G. Seelye and K. T. Scribner and G. L. Curtis and J. R. Bence},
   title = {In Situ Determination of the Annual Thermal Habitat Use by Lake Trout (Salvelinus namaycush) in Lake Huron},
   journal = {Journal of Great Lakes Research},
   year = {2003},
   volume = {29},
   number = {},
   pages = {347--361},
   month = {},
}
@ARTICLE{2042,
   author = {R. A. Bergstedt and R. B. McDonald and K. M. Mullett and G. M. Wright and W. D. Swink and K. P. Burnham},
   title = {Mark-recapture population estimates of parasitic lampreys (Pretomyzon marinus) in Lake Huron.},
   journal = {Journal of Great Lakes Research},
   year = {2003},
   volume = {29},
   number = {Suppliment 1},
   pages = {226--239},
   month = {},
}
@ARTICLE{1491,
   author = {A. H. Berst and G. R. Spangler},
   title = {Lake Huron: Effects of exploitation, introductions and eutrophication on the salmonid community.},
   journal = {J. Fish. Res. Bd. Can.},
   year = {1972},
   volume = {29},
   number = {},
   pages = {877--887},
   month = {},
}
@ARTICLE{1496,
   author = {E. H. Brown and R. L. Argyle and N. R. Payne and M. E. Holey},
   title = {Yield and dynamics of destabilized chub (Coregonus spp.) populations in Lakes Michigan and Huron, 1954-84.},
   journal = {Can. J. Fish. Aquat. Sci.},
   year = {1987},
   volume = {44},
   number = {Suppliment 2},
   pages = {371--383},
   month = {},
}
@ARTICLE{1845,
   author = {J. Budd},
   title = {Movements of tagged whitefish in northern Lake Huron and Georgian Bay.},
   journal = {Transactions of the American Fisheries Society},
   year = {2007},
   volume = {86},
   number = {1},
   pages = {128--134},
   month = {},
}
@ARTICLE{2247,
   author = {D. B. Bunnell and B. M. Davis and D. M. Warner and M. A. Chriscinske and E. F. Roseman},
   title = {Planktivory in the changing Lake Huron zooplankton community: Bythotrephes consumption exceeds that of Mysis and fish},
   journal = {Freshwater Biology},
   year = {2011},
   volume = {56},
   number = {7},
   pages = {1281--1296},
   month = {},
}
@ARTICLE{466,
   author = {J. M. Casselman and J. J. Collins and E. J. Crossman and P. E. Ihssen and G. R. Spangler},
   title = {Lake whitefish (Coregonus clupeaformis) stocks of the Ontario waters of Lake Huron.},
   journal = {Can. J. Fish. Aquat. Sci.},
   year = {1981},
   volume = {38},
   number = {},
   pages = {1772--1789},
   month = {},
}
@ARTICLE{2241,
   author = {YoonKyung Cha and Craig A. Stow and Thomas F. Nalepa and K. H. Reckhow},
   title = {Do Invasive Mussels Restrict Offshore Phosphorus Transport in Lake Huron?},
   journal = {Environ. Sci. Technol.},
   year = {2011},
   volume = {45},
   number = {17},
   pages = {7226--7231},
   month = {},
}
@ARTICLE{1671,
   author = {J. J. Collins},
   title = {Introduction of kokanee salmon (Oncorhynchus nerka) into Lake Huron.},
   journal = {J. Fish. Res. Bd. Can.},
   year = {1971},
   volume = {28},
   number = {},
   pages = {1857--1871},
   month = {},
}
@ARTICLE{1614,
   author = {J. J. Collins},
   title = {Occurence of pink salmon (Oncorhynchus gorbuscha) in Lake Huron.},
   journal = {J. Fish. Res. Bd. Can.},
   year = {1975},
   volume = {32},
   number = {},
   pages = {402--404},
   month = {},
}
@ARTICLE{1916,
   author = {J. M. Cope and A. E. Punt},
   title = {Admitting aging error when fitting growth curves: an example using the von Bertalanffy growth function with random effects.},
   journal = {Can. J. Fish. Aquat. Sci.},
   year = {2007},
   volume = {64},
   number = {},
   pages = {205--218},
   month = {},
}
@ARTICLE{1862,
   author = {D. Cucin and H. A. Regier},
   title = {Dynamics and exploitation of lake whitefish in southern Georgian Bay.},
   journal = {J. Fish. Res. Bd. Can.},
   year = {1965},
   volume = {23},
   number = {2},
   pages = {221--274},
   month = {},
}
@ARTICLE{835,
   author = {J. S. Diana},
   title = {Food habits of angler-caught salmonines in western Lake Huron.},
   journal = {Journal of Great Lakes Research},
   year = {1990},
   volume = {16},
   number = {2},
   pages = {271--278},
   month = {},
}
@ARTICLE{2117,
   author = {N. E. Dobiesz and D. A. Mcleish and R. L. Eshenroder and J. R. Bence and L. C. Mohr and M. P. Ebener and T. F. Nalepa and A. P. Woldt and J. E. Johnson and R. L. Argyle and J. C. Makarewicz},
   title = {Ecology of the Lake Huron fish community, 1970-1999},
   journal = {Can. J. Fish. Aquat. Sci.},
   year = {2005},
   volume = {62},
   number = {6},
   pages = {1432--1451},
   month = {},
}
@ARTICLE{2101,
   author = {M. P. Ebener and T. O. Brenden and M. L. Jones},
   title = {Estimates of fishing and natural mortality rates for four Lake Whitefish stocks in Northern Lakes Huron and Michigan},
   journal = {Journal of Great Lakes Research},
   year = {2010},
   volume = {36, Supplement 1},
   number = {0},
   pages = {110--120},
   month = {},
}
@ARTICLE{1713,
   author = {M. P. Ebener},
   title = {Recovery of the lake whitefish populations in the Great Lakes.},
   journal = {Fisheries},
   year = {1997},
   volume = {22},
   number = {7},
   pages = {18--20},
   month = {},
}
@ARTICLE{2102,
   author = {M. P. Ebener and T. O. Brenden and G. M. Wright and M. L. Jones and M. Faisal},
   title = {Spatial and temporal distributions of lake whitefish spawning stocks in Northern lakes Michigan and Huron, 2003-2008},
   journal = {Journal of Great Lakes Research},
   year = {2010},
   volume = {36, Supplement 1},
   number = {0},
   pages = {38--51},
   month = {},
}
@INCOLLECTION{1676,
   author = {M. P. Ebener and J. E. Johnson and D. M. Reid and N. R. Payne and R. L. Argyle and G. M. Wright and C. C. Krueger and J. P. Baker and T. Morse and J. Weise},
   title = {Status and future of Lake Huron fish communities.},
   booktitle = {The Lake Huron Ecosystem: Ecology, Fisheries, and Management.},
   publisher = {SPB Academic Publishing},
   year = {1995},
   editor = {M. Munawar and T. A. Edsall and J. H. Leach},
   volume = {},
   number = {},
   series = {Ecovosion World Monograph Series},
   type = {Book Chapter},
   chapter = {},
   pages = {125--169},
   address = {},
   edition = {},
   month = {},
}
@ARTICLE{912,
   author = {T. A. Edsall and C. L. Brown and G. W. Kennedy and T. P. Poe},
   title = {Lake trout spawning habitat in the Six Fathom Bank-Yankee Reef Lake Trout Santuary, Lake Huron.},
   journal = {Journal of Great Lakes Research},
   year = {1992},
   volume = {18},
   number = {1},
   pages = {70--90},
   month = {},
}
@ARTICLE{1070,
   author = {A. R. Emery},
   title = {Preliminary comparisons of day and night habits of freshwater fish in Ontario lakes.},
   journal = {J. Fish. Res. Bd. Can.},
   year = {1973},
   volume = {30},
   number = {},
   pages = {761--774},
   month = {},
}
@ARTICLE{1857,
   author = {R. L. A. Eshenroder and N. R. Payne and J. E. Johnson and C. A. I. Bowen and M. P. Ebener},
   title = {Lake trout rehabilitation in Lake Huron.},
   journal = {Journal of Great Lakes Research},
   year = {1995},
   volume = {21},
   number = {Suppliment 1},
   pages = {108--127},
   month = {},
}
@ARTICLE{1810,
   author = {T. Essington and J. F. Kitchell and C. J. Walters},
   title = {The von Bertalanffy growth function, bioenergetics, and the consumption rate of fish.},
   journal = {Can. J. Fish. Aquat. Sci.},
   year = {2001},
   volume = {58},
   number = {},
   pages = {2129--2138},
   month = {},
}
@ARTICLE{1915,
   author = {J. P. Eveson and T. Ploacheck and G. M. Laslett},
   title = {Consequences of assuming an incorrect error structure in von Bertalanffy growth models: a simulation study.},
   journal = {Can. J. Fish. Aquat. Sci.},
   year = {2007},
   volume = {64},
   number = {},
   pages = {602--617},
   month = {},
}
@ARTICLE{1919,
   author = {D. G. Fielder and J. S. Schaeffer and M. V. Thomas},
   title = {Environmental and ecological conditions surrounding the production of large year classes of walleye (Sander vitreus) in Saginaw Bay, Lake Huron.},
   journal = {Journal of Great Lakes Research},
   year = {2007},
   volume = {33},
   number = {Suppliment 1},
   pages = {118--132},
   month = {},
}
@ARTICLE{2018,
   author = {R. I. C. C. Francis},
   title = {Are growth parameters estimated from tagging and age-length data comperable?},
   journal = {Can. J. Fish. Aquat. Sci.},
   year = {1988},
   volume = {45},
   number = {},
   pages = {936--942},
   month = {},
}
@ARTICLE{2109,
   author = {H. Gislason and N. Daan and J. C. Rice and J. G. Pope},
   title = {Size, growth, temperature and the natural mortality of marine fish},
   journal = {Fish Fish},
   year = {2010},
   volume = {11},
   number = {2},
   pages = {149--158},
   month = {},
}
@ARTICLE{1928,
   author = {W. S. C. Gurney and G. Tyldesley and S. N. Wood and P. J. Bacon and M. R. Heath and A. Youngson and A. Ibbotson},
   title = {Modelling lenght-at-age variablity under irreversible growth.},
   journal = {Can. J. Fish. Aquat. Sci.},
   year = {2007},
   volume = {64},
   number = {},
   pages = {638--653},
   month = {},
}
@ARTICLE{1769,
   author = {P. F. Hamblin and P. Gale},
   title = {Water quality modeling of caged aquaculture impacts on Lake Wolsey, North Channel of Lake Huron.},
   journal = {Journal of Great Lakes Research},
   year = {2002},
   volume = {28},
   number = {1},
   pages = {32--43},
   month = {},
}
@ARTICLE{1171,
   author = {H. H. Harvey},
   title = {Fish communities of the Manitoulin Islands lakes.},
   journal = {Verh. Internat. Verein. Limnol.},
   year = {1978},
   volume = {20},
   number = {},
   pages = {2031--2038},
   month = {},
}
@ARTICLE{1152,
   author = {H. H. Harvey},
   title = {Fish communities of the lakes of the Bruce Peninsula.},
   journal = {Verh. Internat. Verein. Limnol.},
   year = {1981},
   volume = {21},
   number = {},
   pages = {1222--1230},
   month = {},
}
@ARTICLE{2119,
   author = {J. X. He and J. R. Bence},
   title = {Modeling Annual Growth Variation using a Hierarchical Bayesian Approach and the von Bertalanffy Growth Function, with Application to Lake Trout in Southern Lake Huron},
   journal = {Transactions of the American Fisheries Society},
   year = {2007},
   volume = {136},
   number = {2},
   pages = {318--330},
   month = {},
}
@ARTICLE{2120,
   author = {J. X. He and J. R. Bence and J. E. Johnson and D. F. Clapp and M. P. Ebener},
   title = {Modeling Variation in Mass-Length Relations and Condition Indices of Lake Trout and Chinook Salmon in Lake Huron: a Hierarchical Bayesian Approach},
   journal = {Transactions of the American Fisheries Society},
   year = {2008},
   volume = {137},
   number = {3},
   pages = {801--817},
   month = {},
}
@ARTICLE{2358,
   author = {Ji X. He and Mark P. Ebener and Stephen C. Riley and Adam Cottrill and Adam Kowalski and Scott Koproski and Lloyd Mohr and James E. Johnson},
   title = {Lake Trout Status in the Main Basin of Lake Huron, 1973-2010.},
   journal = {North American Journal of Fisheries Management},
   year = {2012},
   volume = {32},
   number = {2},
   pages = {402--412},
   month = {},
}
@ARTICLE{1807,
   author = {W. S. Hearn and G. M. Leigh},
   title = {Comparing polynomial and von Bertalanffy growth functions for fitting tag-recapture data.},
   journal = {Can. J. Fish. Aquat. Sci.},
   year = {1994},
   volume = {51},
   number = {},
   pages = {1689--1691},
   month = {},
}
@ARTICLE{2326,
   author = {Thomas E. Helser and Han L. Lai},
   title = {A Bayesian hierarchical meta-analysis of fish growth: with an example for North American largemouth bass, Micropterus salmoides},
   journal = {Ecological Modelling},
   year = {2004},
   volume = {178},
   number = {3–4},
   pages = {399--416},
   month = {},
}
@ARTICLE{1841,
   author = {B. A. Henderson and N. R. Payne},
   title = {Changes in the Georgian Bay fish community, with special reference to lake trout (Salvelinus namaychush) rehabilitation.},
   journal = {Hydrobiologia},
   year = {1988},
   volume = {163},
   number = {},
   pages = {179--194},
   month = {},
}
@ARTICLE{1283,
   author = {B. A. Henderson},
   title = {Factors affecting growth and recruitment of yellow perch, Perca flavescens Mitchill, in South Bay, Lake Huron.},
   journal = {Journal of Fish Biology},
   year = {1985},
   volume = {26},
   number = {},
   pages = {449--458},
   month = {},
}
@ARTICLE{2233,
   author = {Lori N. Ivan and T. O. Hook and M. V. Thomas and David G. Fielder},
   title = {Long-Term and Interannual Dynamics of Walleye and Yellow Perch in Saginaw Bay, Lake Huron},
   journal = {Transactions of the American Fisheries Society},
   year = {2011},
   volume = {140},
   number = {4},
   pages = {1078--1092},
   month = {},
}
@ARTICLE{1392,
   author = {R. B. Jacobson},
   title = {New approach to measuring the frequency of sea lamprey wounds in fish stocks in the Great Lakes.},
   journal = {North American Journal of Fisheries Management},
   year = {1989},
   volume = {9},
   number = {},
   pages = {23--34},
   month = {},
}
@ARTICLE{1700,
   author = {A. C. Jensen},
   title = {Assessment of the United States lake whitefish (Coregonus clupeaformis) fisheries of Lake Superior, Lake Michigan, and Lake Huron.},
   journal = {J. Fish. Res. Bd. Can.},
   year = {1976},
   volume = {33},
   number = {},
   pages = {747--759},
   month = {},
}
@ARTICLE{2030,
   author = {J. E. Johnson and S. P. DeWitt and D. J. A. Gonder},
   title = {Mass-marking reveals emerging self regulation of the Chinook salmon population in Lake Huron.},
   journal = {North American Journal of Fisheries Management},
   year = {2010},
   volume = {30},
   number = {},
   pages = {518--529},
   month = {},
}
@ARTICLE{1913,
   author = {S. Katsanevakis},
   title = {Modelling fish growth: Model selection, multimodel inference and model selection uncertainty.},
   journal = {Fisheries Research},
   year = {2006},
   volume = {81},
   number = {},
   pages = {229--235},
   month = {},
}
@ARTICLE{944,
   author = {J. R. M. Kelso and J. K. Leslie},
   title = {Entrainment of larval fish by the Douglas Point Generating Station, Lake Huron, in relation to seasonal succession and distribution.},
   journal = {J. Fish. Res. Bd. Can.},
   year = {1979},
   volume = {36},
   number = {},
   pages = {37--41},
   month = {},
}
@ARTICLE{1783,
   author = {D. K. Kimura},
   title = {Likelihood methods for the Von Bertalanffy growth curve.},
   journal = {Fisheries Bulletin},
   year = {1980},
   volume = {77},
   number = {4},
   pages = {765--776},
   month = {},
}
@ARTICLE{1454,
   author = {J. P. Kritzer and C. R. Davies and B. D. Mapstone},
   title = {Characterizing fish populations: effects of sample size and population structure on the precision of demographic parameter estimates.},
   journal = {Can. J. Fish. Aquat. Sci.},
   year = {2001},
   volume = {58},
   number = {},
   pages = {1557--1568},
   month = {},
}
@PHDTHESIS{2350,
   author = {B. J. Langseth},
   title = {An Assessment Of Harvest Policies For A Multi-Species Fishery In Lake Huron Using A Food-Web Model},
   school = {Michigan State University},
   year = {2012},
   type = {Thesis/Dissertation},
   address = {},
   month = {},
}
@ARTICLE{2206,
   author = {H. Li and Q. Liu and Z. Shen},
   title = {Investigation of an iterative method for fitting von Bertalanffy growth equation using data on the halfbeak fish Hemirhamphus sajori (T et S)},
   journal = {Fisheries Research},
   year = {1997},
   volume = {29},
   number = {3},
   pages = {289--294},
   month = {},
}
@ARTICLE{2106,
   author = {C. P. Madenjian and S. A. Pothoven and P. J. Schneeberger and M. P. Ebener and L. C. Mohr and T. F. Nalepa and J. R. Bence},
   title = {Dreissenid mussels are not a "dead end" in Great Lakes food webs},
   journal = {Journal of Great Lakes Research},
   year = {2010},
   volume = {36, Supplement 1},
   number = {0},
   pages = {73--77},
   month = {},
}
@ARTICLE{2035,
   author = {C. P. Madenjian and M. P. Ebener and T. J. DeSorcie},
   title = {Lake trout population dynamics at drummond island refuge in Lake Huron:  Implications for future rehabilitation.},
   journal = {North American Journal of Fisheries Management},
   year = {2008},
   volume = {28},
   number = {},
   pages = {979--992},
   month = {},
}
@ARTICLE{2026,
   author = {C. P. Madenjian and B. D. Chipman and J. E. Marsden},
   title = {New estimates of lethality of sea lamprey (Petromyzon marinus) attacks on lake trout (Salvelinus namaycush): implications for future management.},
   journal = {Can. J. Fish. Aquat. Sci.},
   year = {2008},
   volume = {65},
   number = {},
   pages = {535--542},
   month = {},
}
@ARTICLE{2123,
   author = {C. P. Madenjian and P. A. Cochran and R. A. Bergstedt and J. R. Bence},
   title = {Seasonal Patterns in Growth, Blood Consumption, and Effects on Hosts by Parasitic-Phase Sea Lampreys in the Great Lakes: An Individual-Based Model Approach},
   journal = {Journal of Great Lakes Research},
   year = {2003},
   volume = {29},
   number = {},
   pages = {332--346},
   month = {},
}
@ARTICLE{1793,
   author = {C. P. Madenjian and T. J. DeSorcie and J. R. McClain and A. P. Woldt and J. D. Holuszko and C. A. I. Bowen},
   title = {Status of lake trout rehabilitation on Six Fathom Bank and Yankee Reef in Lake Huron.},
   journal = {North American Journal of Fisheries Management},
   year = {2004},
   volume = {24},
   number = {},
   pages = {1003--1016},
   month = {},
}
@ARTICLE{544,
   author = {A. M. McCombie},
   title = {Gill-net selectivity of lake white-fish from Goderich-Bayfield area, Lake Huron.},
   journal = {Transactions of the American Fisheries Society},
   year = {1961},
   volume = {},
   number = {},
   pages = {337--340},
   month = {},
}
@ARTICLE{2289,
   author = {David V. McLeod and R. A. Cottrill and Y. E. Morbey},
   title = {Sea lamprey wounding in Canadian waters of Lake Huron from 2000 to 2009: Temporal changes differ among regions},
   journal = {Journal of Great Lakes Research},
   year = {2011},
   volume = {37},
   number = {4},
   pages = {601--608},
   month = {},
}
@ARTICLE{1883,
   author = {R. B. Millar},
   title = {Reference priors for Bayesian fisheries models.},
   journal = {Can. J. Fish. Aquat. Sci.},
   year = {2002},
   volume = {59},
   number = {9},
   pages = {1492--1502},
   month = {},
}
@ARTICLE{1440,
   author = {W. M. Mooij and J. M. Van Rooil and S. Wijnhoven},
   title = {Analysis and comparison of fish growth from samples of length-at-age data: detection of sexual dimorphism in eurasian perch as an example.},
   journal = {Transactions of the American Fisheries Society},
   year = {1999},
   volume = {128},
   number = {},
   pages = {483--490},
   month = {},
}
@ARTICLE{1892,
   author = {Y. E. Morbey and D. M. Anderson and B. A. Henderson},
   title = {Progress toward the rehabilitation of lake trout (Salvelinus namaychus) in South Bay, Lake Huron.},
   journal = {Journal of Great Lakes Research},
   year = {2008},
   volume = {34},
   number = {},
   pages = {287--300},
   month = {},
}
@ARTICLE{2001,
   author = {A. M. Muir and M. P. Ebener and J. X. He and J. E. Johnson},
   title = {A comparison of scale and otolith methods of age estimation for lake whitefish in Lake Huron.},
   journal = {North American Journal of Fisheries Management},
   year = {2008},
   volume = {28},
   number = {},
   pages = {625--635},
   month = {},
}
@ARTICLE{2243,
   author = {T. F. Nalepa and S. A. Pothoven and D. L. Fanslow},
   title = {Recent Changes in Benthic Macroinvertebrate Populations in Lake Huron and Impact on the Diet of Lake Whitefish (Coregonus clupeaformis)},
   journal = {Aquatic Ecosystem Health and Management},
   year = {2009},
   volume = {12},
   number = {1},
   pages = {2--10},
   month = {},
}
@ARTICLE{2260,
   author = {Thomas F. Nalepa and David L. Fanslow and S. A. Pothoven and Andrew J. Foley III and Gregory A. Lang},
   title = {Long-term Trends in Benthic Macroinvertebrate Populations in Lake Huron over the Past Four Decades},
   journal = {Journal of Great Lakes Research},
   year = {2007},
   volume = {33},
   number = {2},
   pages = {421--436},
   month = {},
}
@ARTICLE{913,
   author = {R. T. Nester and T. P. Poe},
   title = {Visual observation of historical lake trout spawning grounds in western Lake Huron.},
   journal = {North American Journal of Fisheries Management},
   year = {1987},
   volume = {7},
   number = {3},
   pages = {418--424},
   month = {},
}
@ARTICLE{1776,
   author = {M. H. Patriarche},
   title = {Biological basis for the management of laek whitefish in the Michigan waters of northern Lake Huron.},
   journal = {Transactions of the American Fisheries Society},
   year = {1977},
   volume = {106},
   number = {4},
   pages = {295--308},
   month = {},
}
@ARTICLE{2325,
   author = {Graham M. Pilling and Geoffrey P. Kirkwood and Stephen G. Walker},
   title = {An improved method for estimating individual growth variability in fish, and the correlation between von Bertalanffy growth parameters},
   journal = {Can. J. Fish. Aquat. Sci.},
   year = {2002},
   volume = {59},
   number = {3},
   pages = {424--432},
   month = {},
}
@ARTICLE{2256,
   author = {S. A. Pothoven and T. F. Nalepa and C. P. Madenjian and R. R. Rediske and P. J. Schneeberger and J. X. He},
   title = {Energy Density of Lake Whitefish <i>Coregonus clupeaformis</i> in Lakes Huron and Michigan},
   journal = {Environmental Biology of Fishes},
   year = {2006},
   volume = {76},
   number = {2},
   pages = {151--158},
   month = {},
}
@ARTICLE{2259,
   author = {S. A. Pothoven and Thomas F. Nalepa},
   title = {Feeding Ecology of Lake Whitefish in Lake Huron},
   journal = {Journal of Great Lakes Research},
   year = {2006},
   volume = {32},
   number = {3},
   pages = {489--501},
   month = {},
}
@ARTICLE{1081,
   author = {M. J. Powell and M. Miller},
   title = {Shoal spawning by chinook salmon in Lake Huron.},
   journal = {North American Journal of Fisheries Management},
   year = {1990},
   volume = {10},
   number = {},
   pages = {242--244},
   month = {},
}
@INCOLLECTION{1675,
   author = {J. A. Reckahn},
   title = {A graphical paradigm for the sequential reduction and spectacular rehabilitation of the lake whitefish of Lake Huron.},
   booktitle = {The Lake Huron Ecosystem: Ecology, Fisheries, and Management.},
   publisher = {SPB Academic Publishing},
   year = {1995},
   editor = {M. Munawar and T. A. Edsall and J. H. Leach},
   volume = {},
   number = {},
   series = {Ecovosion World Monograph Series},
   type = {Book Chapter},
   chapter = {},
   pages = {171--190},
   address = {},
   edition = {},
   month = {},
}
@ARTICLE{1549,
   author = {D. M. Reid and D. M. Anderson and B. A. Henderson},
   title = {Restoration of lake trout in Parry Sound, Lake Huron.},
   journal = {North American Journal of Fisheries Management},
   year = {2001},
   volume = {21},
   number = {},
   pages = {156--169},
   month = {},
}
@ARTICLE{2003,
   author = {M. D. Rennie and W. G. Sprules and T. B. Johnson},
   title = {Factors affecting the growth and condition of lake whitefish (Coregonus clupeaformis).},
   journal = {Can. J. Fish. Aquat. Sci.},
   year = {2009},
   volume = {66},
   number = {},
   pages = {2096--2108},
   month = {},
}
@ARTICLE{1952,
   author = {S. C. Riley and E. F. Roseman and S. J. Nichols and T. P. O'Brien and C. S. Kiley and J. S. Schaeffer},
   title = {Deepwater demersal fish community collapse in Lake Huron.},
   journal = {Transactions of the American Fisheries Society},
   year = {2008},
   volume = {137},
   number = {},
   pages = {1879--1890},
   month = {},
}
@ARTICLE{2037,
   author = {S. C. Riley and J. V. Adams},
   title = {Long-term trends in habitat use of offshore demersal fishes in western Lake Huron suggests large-scale ecosystem change.},
   journal = {Transactions of the American Fisheries Society},
   year = {2010},
   volume = {139},
   number = {},
   pages = {1322--1334},
   month = {},
}
@ARTICLE{2107,
   author = {S. C. Riley and J. Rinchard and M. P. Ebener and D. E. Tillitt and K. R. Munkittrick and J. L. Parrott and J. D. Allen},
   title = {Thiamine concentrations in lake whitefish eggs from the upper Great Lakes are related to maternal diet},
   journal = {Journal of Great Lakes Research},
   year = {2009},
   volume = {},
   number = {0},
   pages = {},
   month = {},
}
@ARTICLE{1899,
   author = {M. A. Rutter and J. R. Bence},
   title = {An improved method to estimate sea lamprey wounding rate on hosts with application to lake trout in Lake Huron.},
   journal = {Journal of Great Lakes Research},
   year = {2003},
   volume = {29},
   number = {Suppliment 1},
   pages = {320--331},
   month = {},
}
@ARTICLE{501,
   author = {P. J. Schneeberger and T. L. Rutecki and D. J. Jude},
   title = {Gilling in trap-net pots and use of catch data to predict lake whitefish gilling rates.},
   journal = {North American Journal of Fisheries Management},
   year = {1982},
   volume = {2},
   number = {},
   pages = {294--300},
   month = {},
}
@ARTICLE{534,
   author = {B. J. Shuter and D. A. Wismer and H. A. Regier and J. E. Matuszek},
   title = {An application of ecological modelling: Impact of themal effluent on a smallmouth bass population.},
   journal = {Transactions of the American Fisheries Society},
   year = {1985},
   volume = {114},
   number = {5},
   pages = {631--651},
   month = {},
}
@ARTICLE{1935,
   author = {K. L. Siegfried and B. Sanso},
   title = {Two Bayesian methods for estimating parameters of the von Bertalnffy growth equation.},
   journal = {Environmental Biology of Fishes},
   year = {2006},
   volume = {77},
   number = {},
   pages = {301--308},
   month = {},
}
@ARTICLE{1381,
   author = {S. P. Sitar and J. R. Bence and J. E. Johnson and M. P. Ebener and W. W. Taylor},
   title = {Lake trout mortality and abundance in Southern Lake Huron.},
   journal = {North American Journal of Fisheries Management},
   year = {1999},
   volume = {19},
   number = {4},
   pages = {881--900},
   month = {},
}
@ARTICLE{2027,
   author = {G. R. Spangler and D. S. Robson and H. A. Regier},
   title = {Estimates of lamprey-induced mortality in whitefish, Coregonus clupeaformis.},
   journal = {Can. J. Fish. Aquat. Sci.},
   year = {1980},
   volume = {37},
   number = {},
   pages = {2146--2150},
   month = {},
}
@INCOLLECTION{1674,
   author = {G. R. Spangler and J. H. Peters},
   title = {Fisheries of Lake Huron: An opportunity for stewardship.},
   booktitle = {The Lake Huron Ecosystem: Ecology, Fisheries, and Management.},
   publisher = {SPB Academic Publishing},
   year = {1995},
   editor = {M. Munawar and T. A. Edsall and J. H. Leach},
   volume = {},
   number = {},
   series = {Ecovosion World Monograph Series},
   type = {Book Chapter},
   chapter = {},
   pages = {103--123},
   address = {},
   edition = {},
   month = {},
}
@ARTICLE{462,
   author = {G. R. Spangler and J. J. Collins},
   title = {Lake Huron fish community structure based on gill-net catches corrected for selectivity and encounter probability.},
   journal = {North American Journal of Fisheries Management},
   year = {1992},
   volume = {12},
   number = {},
   pages = {585--597},
   month = {},
}
@ARTICLE{2025,
   author = {G. R. Spangler and J. J. Collins},
   title = {Response of lake whitefish (Coregonus clupeaformis) to the control of sea lamprey (Petromyzon marinus) in Lake Huron.},
   journal = {Can. J. Fish. Aquat. Sci.},
   year = {1980},
   volume = {37},
   number = {},
   pages = {2039--2046},
   month = {},
}
@ARTICLE{1822,
   author = {E. B. Szalai and G. W. Fleischer and J. R. Bence},
   title = {Modeling time varying growth using a generalized von Bertalanffy model with applications to bloater (Coregonus hoyi) growth dynamics in Lake Michigan.},
   journal = {Can. J. Fish. Aquat. Sci.},
   year = {2003},
   volume = {60},
   number = {},
   pages = {55--66},
   month = {},
}
@ARTICLE{2223,
   author = {D. M. Warner and J. S. Schaeffer and T. P. O'Brien},
   title = {The Lake Huron pelagic fish community: persistent spatial pattern along biomass and species composition gradients},
   journal = {Can. J. Fish. Aquat. Sci.},
   year = {2009},
   volume = {66},
   number = {8},
   pages = {1199--1215},
   month = {},
}
@ARTICLE{1719,
   author = {M. J. Wilberg and J. R. Bence and J. E. Johnson},
   title = {Survival of juvenile lake trout stocked in western Lake Huron during 1974-1992.},
   journal = {North American Journal of Fisheries Management},
   year = {2002},
   volume = {22},
   number = {},
   pages = {213--218},
   month = {},
}
@ARTICLE{1383,
   author = {R. J. Young and G. C. Christie and R. B. McDonald and D. W. Cuddy and T. J. Morse and N. R. Payne},
   title = {Effects of habitat change in the St. Marys River and northern Lake Huron on sea lamprey (Petromyzon marinus) populations.},
   journal = {Can. J. Fish. Aquat. Sci.},
   year = {1996},
   volume = {53},
   number = {Suppliment 1},
   pages = {99--104},
   month = {},
}
